@article{chang2011libsvm,
  title={LIBSVM: a library for support vector machines},
  author={Chang, Chih-Chung and Lin, Chih-Jen},
  journal={ACM Transactions on Intelligent Systems and Technology (TIST)},
  volume={2},
  number={3},
  pages={27},
  year={2011},
  publisher={ACM}
}
@article{scho2002learning,
	title={Learning with kernels},
	author={Schölkopf, B and Smola, AJ},
	year={2002}
	publisher={MIT press Cambridge}
}

@article{smith1981identification,
  title={Identification of common molecular subsequences},
  author={Smith, Temple F and Waterman, Michael S},
  journal={Journal of molecular biology},
  volume={147},
  number={1},
  pages={195--197},
  year={1981},
  publisher={Elsevier}
}
@article{hattori2003development,
  title={Development of a chemical structure comparison method for integrated analysis of chemical and genomic information in the metabolic pathways},
  author={Hattori, Masahiro and Okuno, Yasushi and Goto, Susumu and Kanehisa, Minoru},
  journal={Journal of the American Chemical Society},
  volume={125},
  number={39},
  pages={11853--11865},
  year={2003},
  publisher={ACS Publications}
}
@article{wang2013predicting,
  title={Predicting drug-target interactions using restricted Boltzmann machines},
  author={Wang, Yuhao and Zeng, Jianyang},
  journal={Bioinformatics},
  volume={29},
  number={13},
  pages={i126--i134},
  year={2013},
  publisher={Oxford Univ Press}
}
@article{wang2011kernel,
  title={Kernel-based data fusion improves the drug--protein interaction prediction},
  author={Wang, Yong-Cui and Zhang, Chun-Hua and Deng, Nai-Yang and Wang, Yong},
  journal={Computational biology and chemistry},
  volume={35},
  number={6},
  pages={353--362},
  year={2011},
  publisher={Elsevier}
}
@article{van2011gaussian,
  title={Gaussian interaction profile kernels for predicting drug--target interaction},
  author={van Laarhoven, Twan and Nabuurs, Sander B and Marchiori, Elena},
  journal={Bioinformatics},
  volume={27},
  number={21},
  pages={3036--3043},
  year={2011},
  publisher={Oxford Univ Press}
}
@article{xia2010semi,
  title={Semi-supervised drug-protein interaction prediction from heterogeneous biological spaces},
  author={Xia, Zheng and Wu, Ling-Yun and Zhou, Xiaobo and Wong, Stephen TC},
  journal={BMC systems biology},
  volume={4},
  number={Suppl 2},
  pages={S6},
  year={2010},
  publisher={BioMed Central Ltd}
}
@inproceedings{davis2006relationship,
  title={The relationship between Precision-Recall and ROC curves},
  author={Davis, Jesse and Goadrich, Mark},
  booktitle={Proceedings of the 23rd international conference on Machine learning},
  pages={233--240},
  year={2006},
  organization={ACM}
}
@article{yamanishi2008prediction,
  title={Prediction of drug--target interaction networks from the integration of chemical and genomic spaces},
  author={Yamanishi, Yoshihiro and Araki, Michihiro and Gutteridge, Alex and Honda, Wataru and Kanehisa, Minoru},
  journal={Bioinformatics},
  volume={24},
  number={13},
  pages={i232--i240},
  year={2008},
  publisher={Oxford Univ Press}
}
@misc{wiki:assoc,
   author = "Wikipedia",
   title = "Modular product of graphs --- Wikipedia{,} The Free Encyclopedia",
   year = "2011",
   url = "\url{http://en.wikipedia.org/w/index.php?title=Modular_product_of_graphs&oldid=423549426}",
   note = "[Online; accessed 11-December-2013]"
 }

@misc{wiki:sw,
   author = "Wikipedia",
   title = "Smith–Waterman algorithm --- Wikipedia{,} The Free Encyclopedia",
   year = "2013",
   url = "\url{http://en.wikipedia.org/w/index.php?title=Smith%E2%80%93Waterman_algorithm&oldid=581706415}",
   note = "[Online; accessed 11-December-2013]"
 }

@misc{ wiki:bp,
   author = "Wikipedia",
   title = "Box plot --- Wikipedia{,} The Free Encyclopedia",
   year = "2013",
   url = "\url{http://en.wikipedia.org/w/index.php?title=Box_plot&oldid=585366215}",
   note = "[Online; accessed 11-December-2013]"
 }

